@String{lncs = {Lecture Notes in Computer Science}}
@String{procecoop = {Proceedings of the European Conference on
    Object-Oriented Programming ({ECOOP})}}

@Book{lamport-1994-ladps,
    author =	{Lamport, Leslie},
    title =	{\LaTeX: A Document Preparation System},
    booktitle =	{\LaTeX: A Document Preparation System},
    year =	1994,
    edition =	2,
    publisher =	{Addison-Wesley},
    isbn =	0201529831,
}

@Book{bringhurst-2002-teots,
    author =	{Bringhurst, Robert},
    title =	{The Elements of Typographic Style},
    booktitle =	{The Elements of Typographic Style},
    year =	2002,
    edition =	{2.5},
    publisher =	{Hartley \& Marks},
    isbn =	0881791326,
}

@InProceedings{kiczales-1997-aop,
    author =    {Kiczales, Gregor and Lamping, John and
		    Mendhekar, Anurag and Maeda, Chris and
		    Lopes, Cristina and Loingtier, Jean-Marc
		    and Irwin, John},
    title =     {Aspect-Oriented Programming},
    booktitle = procecoop,
    year =	1997,
    series =    lncs,
    volume =    2591,
    pages =     {220--242},
    keywords =  {aop, aspect-oriented programming},
    online =	{http://www.parc.xerox.com/csl/groups/sda/pubs/papers/Kiczal
es-ECOOP97/for-web.pdf},
}

@Book{rowling-1997-hpps,
    author =	{Rowling, Joanna K.},
    title =	{Harry Potter and the Philospher's Stone},
    year =	1997,
    publisher =	{Bloomsbury},
    isbn =	0747532699,
}

@online{HOPR,
  author = {lorian Hindenlang, Thomas Bolemann and Claus-Dieter Munz},
  title = {Block Structured Mesh},
  year = 2014,
  url = {https://www.hopr-project.org/index.php/Block-Structured_Meshes},
  urldate = {2019-12-18}
}

@article{d1991optimal,
  title={On optimal triangular meshes for minimizing the gradient error},
  author={D'Azevedo, Eduardo F and Simpson, R Bruce},
  journal={Numerische Mathematik},
  volume={59},
  number={1},
  pages={321--348},
  year={1991},
  publisher={Springer}
}